@book {BronstedBook,
    AUTHOR = {Br{\o}ndsted, Arne},
     TITLE = {An introduction to convex polytopes},
    SERIES = {Graduate Texts in Mathematics},
    VOLUME = {90},
 PUBLISHER = {Springer-Verlag},
   ADDRESS = {New York},
      YEAR = {1983},
     PAGES = {viii+160},
      ISBN = {0-387-90722-X},
   MRCLASS = {52A25 (05B30 52-01)},
  MRNUMBER = {683612 (84d:52009)},
MRREVIEWER = {D. Barnette},
}

@book {GrunBook,
    AUTHOR = {Gr{\"u}nbaum, Branko},
     TITLE = {Convex polytopes},
    SERIES = {Graduate Texts in Mathematics},
    VOLUME = {221},
   EDITION = {Second},
      NOTE = {Prepared and with a preface by Volker Kaibel, Victor Klee and
              G{\"u}nter M. Ziegler},
 PUBLISHER = {Springer-Verlag},
   ADDRESS = {New York},
      YEAR = {2003},
     PAGES = {xvi+468},
      ISBN = {0-387-00424-6; 0-387-40409-0},
   MRCLASS = {52-01 (52Bxx)},
  MRNUMBER = {1976856 (2004b:52001)},
MRREVIEWER = {Alexander Zvonkin},
       DOI = {10.1007/978-1-4613-0019-9},
       URL = {http://dx.doi.org/10.1007/978-1-4613-0019-9},
}

@book {McMullenBook,
    AUTHOR = {McMullen, P. and Shephard, G. C.},
     TITLE = {Convex polytopes and the upper bound conjecture},
      NOTE = {Prepared in collaboration with J. E. Reeve and A. A. Ball,
              London Mathematical Society Lecture Note Series, 3},
 PUBLISHER = {Cambridge University Press},
   ADDRESS = {London},
      YEAR = {1971},
     PAGES = {iv+184},
   MRCLASS = {52A25},
  MRNUMBER = {0301635 (46 \#791)},
MRREVIEWER = {H. S. M. Coxeter},
}

@book {ZieglerBook,
    AUTHOR = {Ziegler, G{\"u}nter M.},
     TITLE = {Lectures on polytopes},
    SERIES = {Graduate Texts in Mathematics},
    VOLUME = {152},
 PUBLISHER = {Springer-Verlag},
   ADDRESS = {New York},
      YEAR = {1995},
     PAGES = {x+370},
      ISBN = {0-387-94365-X},
   MRCLASS = {52Bxx},
  MRNUMBER = {1311028 (96a:52011)},
MRREVIEWER = {Margaret M. Bayer},
       DOI = {10.1007/978-1-4613-8431-1},
       URL = {http://dx.doi.org/10.1007/978-1-4613-8431-1},
}

@book {StanleyEC1,
    AUTHOR = {Stanley, Richard P.},
     TITLE = {Enumerative combinatorics. {V}olume 1},
    SERIES = {Cambridge Studies in Advanced Mathematics},
    VOLUME = {49},
   EDITION = {Second},
 PUBLISHER = {Cambridge University Press},
   ADDRESS = {Cambridge},
      YEAR = {2012},
     PAGES = {xiv+626},
      ISBN = {978-1-107-60262-5},
   MRCLASS = {05-02 (05A15 06-02)},
  MRNUMBER = {2868112},
}

@book {StanleyEC2,
    AUTHOR = {Stanley, Richard P.},
     TITLE = {Enumerative combinatorics. {V}ol. 2},
    SERIES = {Cambridge Studies in Advanced Mathematics},
    VOLUME = {62},
      NOTE = {With a foreword by Gian-Carlo Rota and appendix 1 by Sergey
              Fomin},
 PUBLISHER = {Cambridge University Press},
   ADDRESS = {Cambridge},
      YEAR = {1999},
     PAGES = {xii+581},
      ISBN = {0-521-56069-1; 0-521-78987-7},
   MRCLASS = {05A15 (05-02 05E05 05E10 68R05)},
  MRNUMBER = {1676282 (2000k:05026)},
MRREVIEWER = {Ira Gessel},
       DOI = {10.1017/CBO9780511609589},
       URL = {http://dx.doi.org/10.1017/CBO9780511609589},
}

@book {OrientedMatBook,
    AUTHOR = {Bj{\"o}rner, Anders and Las Vergnas, Michel and Sturmfels,
              Bernd and White, Neil and Ziegler, G{\"u}nter M.},
     TITLE = {Oriented matroids},
    SERIES = {Encyclopedia of Mathematics and its Applications},
    VOLUME = {46},
   EDITION = {Second},
 PUBLISHER = {Cambridge University Press},
   ADDRESS = {Cambridge},
      YEAR = {1999},
     PAGES = {xii+548},
      ISBN = {0-521-77750-X},
   MRCLASS = {52B40 (05B35 52C35)},
  MRNUMBER = {1744046 (2000j:52016)},
       DOI = {10.1017/CBO9780511586507},
       URL = {http://dx.doi.org/10.1017/CBO9780511586507},
}

@incollection {Handbook,
    AUTHOR = {Henk, Martin and Richter-Gebert, J{\"u}rgen and Ziegler,
              G{\"u}nter M.},
     TITLE = {Basic properties of convex polytopes},
 BOOKTITLE = {Handbook of discrete and computational geometry},
    SERIES = {CRC Press Ser. Discrete Math. Appl.},
     PAGES = {243--270},
 PUBLISHER = {CRC},
   ADDRESS = {Boca Raton, FL},
      YEAR = {1997},
   MRCLASS = {52B11},
  MRNUMBER = {1730169},
}

@book {Thomas,
    AUTHOR = {Thomas, Rekha R.},
     TITLE = {Lectures in geometric combinatorics},
    SERIES = {Student Mathematical Library},
    VOLUME = {33},
      NOTE = {IAS/Park City Mathematical Subseries},
 PUBLISHER = {American Mathematical Society},
   ADDRESS = {Providence, RI},
      YEAR = {2006},
     PAGES = {viii+143},
      ISBN = {0-8218-4140-8},
   MRCLASS = {52-01 (05-01 13P10 14M25 52B99)},
  MRNUMBER = {2237292 (2007i:52001)},
MRREVIEWER = {Alexander Zvonkin},
}

@book {West,
    AUTHOR = {West, Douglas B.},
     TITLE = {Introduction to graph theory},
 PUBLISHER = {Prentice Hall Inc.},
   ADDRESS = {Upper Saddle River, NJ},
      YEAR = {1996},
     PAGES = {xvi+512},
      ISBN = {0-13-227828-6},
   MRCLASS = {05-01},
  MRNUMBER = {1367739 (96i:05001)},
}

@book {Diestel,
    AUTHOR = {Diestel, Reinhard},
     TITLE = {Graph theory},
    SERIES = {Graduate Texts in Mathematics},
    VOLUME = {173},
   EDITION = {Fourth},
 PUBLISHER = {Springer},
   ADDRESS = {Heidelberg},
      YEAR = {2010},
     PAGES = {xviii+437},
      ISBN = {978-3-642-14278-9},
   MRCLASS = {05-01 (05Cxx)},
  MRNUMBER = {2744811 (2011m:05002)},
       DOI = {10.1007/978-3-642-14279-6},
       URL = {http://dx.doi.org/10.1007/978-3-642-14279-6},
}

@article {Balinski,
    AUTHOR = {Balinski, M. L.},
     TITLE = {On the graph structure of convex polyhedra in {$n$}-space},
   JOURNAL = {Pacific J. Math.},
  FJOURNAL = {Pacific Journal of Mathematics},
    VOLUME = {11},
      YEAR = {1961},
     PAGES = {431--434},
      ISSN = {0030-8730},
   MRCLASS = {52.10 (90.10)},
  MRNUMBER = {0126765 (23 \#A4059)},
MRREVIEWER = {J. J. Stone},
}

@book {Steinitz,
    AUTHOR = {Steinitz, Ernst and Rademacher, Hans},
     TITLE = {Vorlesungen \"uber die {T}heorie der {P}olyeder unter
              {E}inschluss der {E}lemente der {T}opologie},
      NOTE = {Reprint der 1934 Auflage,
              Grundlehren der Mathematischen Wissenschaften, No. 41},
 PUBLISHER = {Springer-Verlag},
   ADDRESS = {Berlin},
      YEAR = {1976},
     PAGES = {viii+351},
   MRCLASS = {52-01 (55-01)},
  MRNUMBER = {0430958 (55 \#3962)},
}

@article {Wagner,
    AUTHOR = {Wagner, K.},
     TITLE = {\"{U}ber eine {E}igenschaft der ebenen {K}omplexe},
   JOURNAL = {Math. Ann.},
  FJOURNAL = {Mathematische Annalen},
    VOLUME = {114},
      YEAR = {1937},
    NUMBER = {1},
     PAGES = {570--590},
      ISSN = {0025-5831},
     CODEN = {MAANA},
   MRCLASS = {Contributed Item},
  MRNUMBER = {1513158},
       DOI = {10.1007/BF01594196},
       URL = {http://dx.doi.org/10.1007/BF01594196},
}

@article {Halin,
    AUTHOR = {Halin, R.},
     TITLE = {Zu einem {P}roblem von {B}. {G}r\"unbaum},
   JOURNAL = {Arch. Math. (Basel)},
  FJOURNAL = {Archiv der Mathematik},
    VOLUME = {17},
      YEAR = {1966},
     PAGES = {566--568},
      ISSN = {0003-889X},
   MRCLASS = {05.40},
  MRNUMBER = {0214505 (35 \#5355)},
MRREVIEWER = {J. Bos{\'a}k},
}

@article {BarNov:Nbly,
    AUTHOR = {Barvinok, Alexander and Lee, Seung Jin and Novik, Isabella},
     TITLE = {Explicit constructions of centrally symmetric {$k$}-neighborly
              polytopes and large strictly antipodal sets},
   JOURNAL = {Discrete Comput. Geom.},
  FJOURNAL = {Discrete \& Computational Geometry. An International Journal
              of Mathematics and Computer Science},
    VOLUME = {49},
      YEAR = {2013},
    NUMBER = {3},
     PAGES = {429--443},
      ISSN = {0179-5376},
     CODEN = {DCGEER},
   MRCLASS = {52B15},
  MRNUMBER = {3038522},
       DOI = {10.1007/s00454-013-9495-z},
       URL = {http://dx.doi.org/10.1007/s00454-013-9495-z},
}

@article {BarNov:Mom,
    AUTHOR = {Barvinok, Alexander and Lee, Seung Jin and Novik, Isabella},
     TITLE = {Neighborliness of the symmetric moment curve},
   JOURNAL = {Mathematika},
  FJOURNAL = {Mathematika. A Journal of Pure and Applied Mathematics},
    VOLUME = {59},
      YEAR = {2013},
    NUMBER = {1},
     PAGES = {223--249},
      ISSN = {0025-5793},
   MRCLASS = {52B12 (26C10 52A20)},
  MRNUMBER = {3028181},
       DOI = {10.1112/S0025579312000010},
       URL = {http://dx.doi.org/10.1112/S0025579312000010},
}

@article {Whitney,
    AUTHOR = {Whitney, Hassler},
     TITLE = {Congruent {G}raphs and the {C}onnectivity of {G}raphs},
   JOURNAL = {Amer. J. Math.},
  FJOURNAL = {American Journal of Mathematics},
    VOLUME = {54},
      YEAR = {1932},
    NUMBER = {1},
     PAGES = {150--168},
      ISSN = {0002-9327},
     CODEN = {AJMAAN},
   MRCLASS = {Contributed Item},
  MRNUMBER = {1506881},
       DOI = {10.2307/2371086},
       URL = {http://dx.doi.org/10.2307/2371086},
}

@article {Kalai:Simple,
    AUTHOR = {Kalai, Gil},
     TITLE = {A simple way to tell a simple polytope from its graph},
   JOURNAL = {J. Combin. Theory Ser. A},
  FJOURNAL = {Journal of Combinatorial Theory. Series A},
    VOLUME = {49},
      YEAR = {1988},
    NUMBER = {2},
     PAGES = {381--383},
      ISSN = {0097-3165},
     CODEN = {JCBTA7},
   MRCLASS = {52A25 (05C10)},
  MRNUMBER = {964396 (89m:52006)},
MRREVIEWER = {Andrew Vince},
       DOI = {10.1016/0097-3165(88)90064-7},
       URL = {http://dx.doi.org/10.1016/0097-3165(88)90064-7},
}


@book {Hibi,
    AUTHOR = {Hibi, Takayuki},
     TITLE = {Algebraic Combinatorics on Convex Polytopes},
 PUBLISHER = {Carslaw Publications},
   ADDRESS = {Glebe, N.S.W., Australia},
      YEAR = {1992},
%     PAGES = {viii+351},
}

@article {Steinitz:Paper,
    AUTHOR = {Steinitz, E.},
     TITLE = {Polyeder und Raumeinteilungen},
   JOURNAL = {Enzykl. math. Wiss.},
    VOLUME = {3},
      YEAR = {1922},
     PAGES = {1--139},
}

@article {Alts:Quasi,
    AUTHOR = {Altshuler, Amos and Steinberg, Leon},
     TITLE = {Enumeration of the quasisimplicial {$3$}-spheres and
              {$4$}-polytopes with eight vertices},
   JOURNAL = {Pacific J. Math.},
  FJOURNAL = {Pacific Journal of Mathematics},
    VOLUME = {113},
      YEAR = {1984},
    NUMBER = {2},
     PAGES = {269--288},
      ISSN = {0030-8730},
     CODEN = {PJMAAI},
   MRCLASS = {52A25},
  MRNUMBER = {749536 (85h:52006)},
MRREVIEWER = {Peter Kleinschmidt},
       URL = {http://projecteuclid.org/euclid.pjm/1102709192},
}

@article {Alts:Complete,
    AUTHOR = {Altshuler, Amos and Steinberg, Leon},
     TITLE = {The complete enumeration of the {$4$}-polytopes and
              {$3$}-spheres with eight vertices},
   JOURNAL = {Pacific J. Math.},
  FJOURNAL = {Pacific Journal of Mathematics},
    VOLUME = {117},
      YEAR = {1985},
    NUMBER = {1},
     PAGES = {1--16},
      ISSN = {0030-8730},
     CODEN = {PJMAAI},
   MRCLASS = {52A25 (05A15 57Q99)},
  MRNUMBER = {777434 (86f:52009)},
MRREVIEWER = {D. Barnette},
       URL = {http://projecteuclid.org/euclid.pjm/1102706924},
}

@incollection {BayerLee,
    AUTHOR = {Bayer, Margaret M. and Lee, Carl W.},
     TITLE = {Combinatorial aspects of convex polytopes},
 BOOKTITLE = {Handbook of convex geometry, {V}ol.\ {A}, {B}},
     PAGES = {485--534},
 PUBLISHER = {North-Holland, Amsterdam},
      YEAR = {1993},
   MRCLASS = {52B05 (52B40)},
  MRNUMBER = {1242988 (95e:52016)},
MRREVIEWER = {Stanislav Jendrol'},
}

@book {Ewald,
    AUTHOR = {Ewald, G{\"u}nter},
     TITLE = {Combinatorial convexity and algebraic geometry},
    SERIES = {Graduate Texts in Mathematics},
    VOLUME = {168},
 PUBLISHER = {Springer-Verlag, New York},
      YEAR = {1996},
     PAGES = {xiv+372},
      ISBN = {0-387-94755-8},
   MRCLASS = {52B20 (14M25 52B05)},
  MRNUMBER = {1418400 (97i:52012)},
MRREVIEWER = {P. McMullen},
       DOI = {10.1007/978-1-4612-4044-0},
       URL = {http://dx.doi.org/10.1007/978-1-4612-4044-0},
}

@article {BarNov:CSCyclic,
    AUTHOR = {Barvinok, Alexander and Novik, Isabella},
     TITLE = {A centrally symmetric version of the cyclic polytope},
   JOURNAL = {Discrete Comput. Geom.},
  FJOURNAL = {Discrete \& Computational Geometry. An International Journal
              of Mathematics and Computer Science},
    VOLUME = {39},
      YEAR = {2008},
    NUMBER = {1-3},
     PAGES = {76--99},
      ISSN = {0179-5376},
     CODEN = {DCGEER},
   MRCLASS = {52B12 (14H50 52B05 52B70)},
  MRNUMBER = {2383752 (2009e:52025)},
MRREVIEWER = {Frank H. Lutz},
       DOI = {10.1007/s00454-007-9034-x},
       URL = {http://dx.doi.org/10.1007/s00454-007-9034-x},
}

@article {BarLeeNov:Many,
    AUTHOR = {Barvinok, Alexander and Lee, Seung Jin and Novik, Isabella},
     TITLE = {Centrally symmetric polytopes with many faces},
   JOURNAL = {Israel J. Math.},
  FJOURNAL = {Israel Journal of Mathematics},
    VOLUME = {195},
      YEAR = {2013},
    NUMBER = {1},
     PAGES = {457--472},
      ISSN = {0021-2172},
   MRCLASS = {52B05 (52B15)},
  MRNUMBER = {3101257},
MRREVIEWER = {Matthias Henze},
       DOI = {10.1007/s11856-012-0107-z},
       URL = {http://dx.doi.org/10.1007/s11856-012-0107-z},
}

@article {PerShep,
    AUTHOR = {Perles, M. A. and Shephard, G. C.},
     TITLE = {Facets and nonfacets of convex polytopes},
   JOURNAL = {Acta Math.},
  FJOURNAL = {Acta Mathematica},
    VOLUME = {119},
      YEAR = {1967},
     PAGES = {113--145},
      ISSN = {0001-5962},
   MRCLASS = {52.10},
  MRNUMBER = {0223975 (36 \#7022)},
MRREVIEWER = {D. W. Walkup},
}

@article {BayerBisz,
    AUTHOR = {Bayer, Margaret M. and Bisztriczky, Tibor},
     TITLE = {On {G}ale and braxial polytopes},
   JOURNAL = {Arch. Math. (Basel)},
  FJOURNAL = {Archiv der Mathematik},
    VOLUME = {89},
      YEAR = {2007},
    NUMBER = {4},
     PAGES = {373--384},
      ISSN = {0003-889X},
     CODEN = {ACVMAL},
   MRCLASS = {52B12},
  MRNUMBER = {2355157 (2008j:52021)},
MRREVIEWER = {Walter D. Morris, Jr.},
       DOI = {10.1007/s00013-007-2163-x},
       URL = {http://dx.doi.org/10.1007/s00013-007-2163-x},
}
@incollection {KleeMinty,
    AUTHOR = {Klee, Victor and Minty, George J.},
     TITLE = {How good is the simplex algorithm?},
 BOOKTITLE = {Inequalities, {III} ({P}roc. {T}hird {S}ympos., {U}niv.
              {C}alifornia, {L}os {A}ngeles, {C}alif., 1969; dedicated to
              the memory of {T}heodore {S}. {M}otzkin)},
     PAGES = {159--175},
 PUBLISHER = {Academic Press, New York},
      YEAR = {1972},
   MRCLASS = {90C05},
  MRNUMBER = {0332165 (48 \#10492)},
MRREVIEWER = {Robert G. Jeroslow},
}


@ARTICLE{SimplicialWedge,
   author = {{Ayzenberg}, A.},
    title = "{Simplicial complexes Alexander dual to boundaries of polytopes}",
  journal = {ArXiv e-prints},
archivePrefix = "arXiv",
   eprint = {1310.5487},
 primaryClass = "math.CO",
 keywords = {Mathematics - Combinatorics, Mathematics - Algebraic Topology, 05E45, 52B35, 52B05, 13F55, 55U10, 05C15},
     year = 2013,
    month = oct,
   adsurl = {http://adsabs.harvard.edu/abs/2013arXiv1310.5487A},
  adsnote = {Provided by the SAO/NASA Astrophysics Data System}
}
